<record><leader>00000cas a22000007a 4500</leader><controlfield tag="001">17409133</controlfield><controlfield tag="008">880129d19121916iauwr ne      0    0eng d</controlfield><datafield ind1=" " ind2=" " tag="010"><subfield code="a">sn 88059467 </subfield></datafield><datafield ind1=" " ind2=" " tag="040"><subfield code="a">INP</subfield><subfield code="b">eng</subfield><subfield code="c">INP</subfield><subfield code="d">OCLCQ</subfield></datafield><datafield ind1=" " ind2=" " tag="042"><subfield code="a">msc</subfield></datafield><datafield ind1="0" ind2="4" tag="245"><subfield code="a">The Kensett news and Manly chronicle.</subfield></datafield><datafield ind1="1" ind2="3" tag="246"><subfield code="a">Kensett news</subfield></datafield><datafield ind1=" " ind2=" " tag="260"><subfield code="a">Kensett, Worth County, Iowa :</subfield><subfield code="b">H.H. Hallett,</subfield><subfield code="c">1912-1916.</subfield></datafield><datafield ind1=" " ind2=" " tag="300"><subfield code="a">5 v.</subfield></datafield><datafield ind1=" " ind2=" " tag="310"><subfield code="a">Weekly</subfield></datafield><datafield ind1="0" ind2=" " tag="362"><subfield code="a">Vol. 16, no. 29 (Oct. 3, 1912)-v. 20, no. 25 (Sept. 28, 1916).</subfield></datafield><datafield ind1=" " ind2=" " tag="500"><subfield code="a">Includes sections called: Grafton journal, and, Joice review; issues for Oct. 3, 1912- include section called: Manly chronicle.</subfield></datafield><datafield ind1=" " ind2=" " tag="752"><subfield code="a">United States</subfield><subfield code="b">Iowa</subfield><subfield code="c">Worth</subfield><subfield code="d">Kensett.</subfield></datafield><datafield ind1=" " ind2=" " tag="752"><subfield code="a">United States</subfield><subfield code="b">Iowa</subfield><subfield code="c">Worth</subfield><subfield code="d">Manly.</subfield></datafield><datafield ind1=" " ind2=" " tag="752"><subfield code="a">United States</subfield><subfield code="b">Iowa</subfield><subfield code="c">Worth</subfield><subfield code="d">Grafton.</subfield></datafield><datafield ind1=" " ind2=" " tag="752"><subfield code="a">United States</subfield><subfield code="b">Iowa</subfield><subfield code="c">Worth</subfield><subfield code="d">Joice.</subfield></datafield><datafield ind1="0" ind2="0" tag="780"><subfield code="t">Kensett news (Kensett, Iowa : 1897)</subfield><subfield code="w">(DLC)sn 88059466</subfield></datafield><datafield ind1="0" ind2="0" tag="785"><subfield code="t">Kensett news (Kensett, Iowa : 1916)</subfield><subfield code="w">(DLC)sn 88059468</subfield></datafield><datafield ind1="1" ind2=" " tag="787"><subfield code="t">Grafton journal</subfield></datafield><datafield ind1="1" ind2=" " tag="787"><subfield code="t">Joice review</subfield></datafield><datafield ind1="1" ind2=" " tag="787"><subfield code="t">Manly chronicle</subfield></datafield></record>